<?xml version="1.0" encoding="UTF-8"?><collection xmlns="http://www.loc.gov/MARC21/slim"><record><leader>00418nam--2200169-i-4500</leader><controlfield tag="001">000012018</controlfield><controlfield tag="002">20161230</controlfield><controlfield tag="005">20161230201029</controlfield><controlfield tag="008">060222s1000------------r-----000-0-eng-d</controlfield><datafield ind1=" " ind2=" " tag="040"><subfield code="a">IFIN-HH</subfield></datafield><datafield ind1="1" ind2=" " tag="100"><subfield code="a">Banach Stefan</subfield></datafield><datafield ind1="1" ind2="0" tag="245"><subfield code="a">Mechanics</subfield><subfield code="c">Stefan Banach</subfield></datafield><datafield ind1=" " ind2=" " tag="260"><subfield code="a">Warszawa, Wroclaw, 1951</subfield></datafield><datafield ind1=" " ind2=" " tag="300"><subfield code="a">IV + 546 P</subfield></datafield><datafield ind1=" " ind2=" " tag="490"><subfield code="a">Monografie Mathematyczne</subfield></datafield><datafield ind1=" " ind2=" " tag="852"><subfield code="a">7663</subfield><subfield code="c">/ 531</subfield></datafield><datafield ind1=" " ind2=" " tag="CAT"><subfield code="a">Sys</subfield><subfield code="c">20100621</subfield><subfield code="h">150015</subfield></datafield></record></collection>